@mastersthesis{RNN:desc,
  author = "Robin M. Schmidt",
  title = "Recurrent Neural Networks (RNNs): 
  A gentle Introduction and Overview",
  school = "Eberhard-Karls-University TÃ¼bingen",
  year = "2019"
},

@misc{YT:RNN,
  author = {StatQuest with Josh Starmer},
  title = {Recurrent Neural Networks (RNNs), Clearly Explained!!!},
  journal = {YouTube},
  year = {2022},
  howpublished = {\url{https://www.youtube.com/watch?v=AsNTP8Kwu80}},
  note = {Accedido el 15-10-2024}
}